@article{1993-kay,
	author = {Kay, Alan C.},
	title = {The Early History of Smalltalk},
	journal = {SIGPLAN Not.},
	issue_date = {March 1993},
	volume = {28},
	number = {3},
	month = mar,
	year = {1993},
	issn = {0362-1340},
	pages = {69--95},
	numpages = {27},
	url = {http://doi.acm.org/10.1145/155360.155364},
	doi = {10.1145/155360.155364},
	acmid = {155364},
	publisher = {ACM},
	address = {New York, NY, USA},
} 


@online{2014-cunningham,
	author = {Ward Cunningham},
	ALTeditor = {editor},
	title = {Alan Kays Definition Of Object Oriented},
	year = {2014},
	url = {http://wiki.c2.com/?AlanKaysDefinitionOfObjectOriented},
	OPTsubtitle = {subtitle},
	OPTtitleaddon = {titleaddon},
	OPTlanguage = {language},
	OPTversion = {version},
	OPTnote = {note},
	OPTorganization = {organization},
	OPTdate = {date},
	OPTmonth = {month},
	OPTyear = {year},
	OPTaddendum = {addendum},
	OPTpubstate = {pubstate},
	OPTurldate = {urldate},
}

